% This file was created with JabRef 2.8.1.
% Encoding: Cp1252

@article{cinzano1999mapping,
  title={Mapping the artificial sky brightness in Europe from DMSP satellite measurements: the situation of the night sky in Italy in the last quarter of century},
  author={Cinzano, Pierantonio and Falchi, Fabio and Elvidge, Christopher D and Baugh, Kimberly E},
  journal={arXiv preprint astro-ph/9905340},
  year={1999}
}
@article{falchi2016new,
  title={The new world atlas of artificial night sky brightness},
  author={Falchi, Fabio and Cinzano, Pierantonio and Duriscoe, Dan and Kyba, Christopher CM and Elvidge, Christopher D and Baugh, Kimberly and Portnov, Boris A and Rybnikova, Nataliya A and Furgoni, Riccardo},
  journal={Science advances},
  volume={2},
  number={6},
  pages={e1600377},
  year={2016},
  publisher={American Association for the Advancement of Science}
}
@article{martinez2018much,
  title={How much should we trust the dictator’s GDP estimates},
  author={Martinez, Luis R},
  journal={Available at SSRN 3093296},
  year={2018}
}
@article{li2020harmonized,
  title={A harmonized global nighttime light dataset 1992--2018},
  author={Li, Xuecao and Zhou, Yuyu and Zhao, Min and Zhao, Xia},
  journal={Scientific data},
  volume={7},
  number={1},
  pages={1--9},
  year={2020},
  publisher={Nature Publishing Group}
}
@article{beyer2022measuring,
  title={Measuring Quarterly Economic Growth from Outer Space},
  author={Beyer, Robert and Hu, Yingyao and Yao, Jiaxiong},
  year={2022},
  publisher={World Bank, Washington, DC}
}
@article{chen2021chasing,
  title={Chasing or cheating? Theory and evidence on China's GDP manipulation},
  author={Chen, Shuo and Qiao, Xue and Zhu, Zhitao},
  journal={Journal of Economic Behavior \& Organization},
  volume={189},
  number={C},
  pages={657--671},
  year={2021},
  publisher={Elsevier}
}
@article{elvidge2020indicators,
  title={Indicators of electric power instability from satellite observed nighttime lights},
  author={Elvidge, Christopher D and Hsu, Feng-Chi and Zhizhin, Mikhail and Ghosh, Tilottama and Taneja, Jay and Bazilian, Morgan},
  journal={Remote Sensing},
  volume={12},
  number={19},
  pages={3194},
  year={2020},
  publisher={MDPI}
}
@article{enenkel2019emergencies,
  title={Emergencies do not stop at night: Advanced analysis of displacement based on satellite-derived nighttime light observations},
  author={Enenkel, Markus and Shrestha, Ranjay M and Stokes, E and Roman, M and Wang, Zhuosen and Espinosa, Maria Teresa Miranda and Hajzmanova, Ivana and Ginnetti, Justin and Vinck, Patrick},
  journal={IBM Journal of Research and Development},
  volume={64},
  number={1/2},
  pages={8--1},
  year={2019},
  publisher={IBM}
}
@article{li2018night,
  title={Night-time light dynamics during the iraqi civil war},
  author={Li, Xi and Liu, Shanshan and Jendryke, Michael and Li, Deren and Wu, Chuanqing},
  journal={Remote Sensing},
  volume={10},
  number={6},
  pages={858},
  year={2018},
  publisher={MDPI}
}
@article{elvidge2021annual,
  title={Annual time series of global VIIRS nighttime lights derived from monthly averages: 2012 to 2019},
  author={Elvidge, Christopher D and Zhizhin, Mikhail and Ghosh, Tilottama and Hsu, Feng-Chi and Taneja, Jay},
  journal={Remote Sensing},
  volume={13},
  number={5},
  pages={922},
  year={2021},
  publisher={MDPI}
}
@article{hu2022illuminating,
  title={Illuminating economic growth},
  author={Hu, Yingyao and Yao, Jiaxiong},
  journal={Journal of Econometrics},
  volume={228},
  number={2},
  pages={359--378},
  year={2022},
  publisher={Elsevier}
}
@article{henderson2012measuring,
  title={Measuring economic growth from outer space},
  author={Henderson, J Vernon and Storeygard, Adam and Weil, David N},
  journal={American economic review},
  volume={102},
  number={2},
  pages={994--1028},
  year={2012}
}
@article{chen2011using,
  title={Using luminosity data as a proxy for economic statistics},
  author={Chen, Xi and Nordhaus, William D},
  journal={Proceedings of the National Academy of Sciences},
  volume={108},
  number={21},
  pages={8589--8594},
  year={2011},
  publisher={National Acad Sciences}
}
@article{ghosh2009estimation,
  title={Estimation of Mexico’s informal economy and remittances using nighttime imagery},
  author={Ghosh, Tilottama and Anderson, Sharolyn and Powell, Rebecca L and Sutton, Paul C and Elvidge, Christopher D},
  journal={Remote Sensing},
  volume={1},
  number={3},
  pages={418--444},
  year={2009},
  publisher={Molecular Diversity Preservation International}
}
@techreport{clark2017china,
  title={China's GDP growth may be understated},
  author={Clark, Hunter and Pinkovskiy, Maxim and {Sala-i-Martin}, Xavier},
  year={2017},
  institution={National Bureau of Economic Research}
}
@article{dang2021statistical,
  title={Statistical Performance Indicators and Index},
  author={Dang, Hai-Anh H and Pullinger, John and Serajuddin, Umar and Stacy, Brian},
  year={2021},
  publisher={World Bank, Washington, DC}
}
@article{dang2021measuring,
  title={Measuring the Statistical Performance of Countries: An Overview of Updates to the World Bank Statistical Capacity Index},
  author={Dang, Hai-Anh and Dinc, Mustafa and Diaz, Juderica and Maeda, Hiroko and Pullinger, John and Serajuddin, Umar and Stacy, Brian and Wolde, Dereje},
  journal={World Bank, Washington, DC},
  year={2021}
}